%YAML 1.1
%TAG !u! tag:unity3d.com,2011:
--- !u!1 &5675366628999394329
GameObject:
  m_ObjectHideFlags: 0
  m_CorrespondingSourceObject: {fileID: 0}
  m_PrefabInstance: {fileID: 0}
  m_PrefabAsset: {fileID: 0}
  serializedVersion: 6
  m_Component:
  - component: {fileID: 4733218475885685743}
  - component: {fileID: 1333000183828072304}
  - component: {fileID: 8476651663725634702}
  - component: {fileID: 114209214041508300}
  - component: {fileID: 50004149650122916}
  m_Layer: 0
  m_Name: FieldOfView
  m_TagString: Untagged
  m_Icon: {fileID: 0}
  m_NavMeshLayer: 0
  m_StaticEditorFlags: 0
  m_IsActive: 1
--- !u!4 &4733218475885685743
Transform:
  m_ObjectHideFlags: 0
  m_CorrespondingSourceObject: {fileID: 0}
  m_PrefabInstance: {fileID: 0}
  m_PrefabAsset: {fileID: 0}
  m_GameObject: {fileID: 5675366628999394329}
  m_LocalRotation: {x: 0, y: 0, z: 0, w: 1}
  m_LocalPosition: {x: 2.46, y: 2.09, z: 0}
  m_LocalScale: {x: 1.5277933, y: 1.5092835, z: 0.421}
  m_Children: []
  m_Father: {fileID: 0}
  m_RootOrder: 0
  m_LocalEulerAnglesHint: {x: 0, y: 0, z: 0}
--- !u!212 &1333000183828072304
SpriteRenderer:
  m_ObjectHideFlags: 0
  m_CorrespondingSourceObject: {fileID: 0}
  m_PrefabInstance: {fileID: 0}
  m_PrefabAsset: {fileID: 0}
  m_GameObject: {fileID: 5675366628999394329}
  m_Enabled: 1
  m_CastShadows: 0
  m_ReceiveShadows: 0
  m_DynamicOccludee: 1
  m_MotionVectors: 1
  m_LightProbeUsage: 1
  m_ReflectionProbeUsage: 1
  m_RenderingLayerMask: 1
  m_RendererPriority: 0
  m_Materials:
  - {fileID: 10754, guid: 0000000000000000f000000000000000, type: 0}
  m_StaticBatchInfo:
    firstSubMesh: 0
    subMeshCount: 0
  m_StaticBatchRoot: {fileID: 0}
  m_ProbeAnchor: {fileID: 0}
  m_LightProbeVolumeOverride: {fileID: 0}
  m_ScaleInLightmap: 1
  m_PreserveUVs: 0
  m_IgnoreNormalsForChartDetection: 0
  m_ImportantGI: 0
  m_StitchLightmapSeams: 0
  m_SelectedEditorRenderState: 0
  m_MinimumChartSize: 4
  m_AutoUVMaxDistance: 0.5
  m_AutoUVMaxAngle: 89
  m_LightmapParameters: {fileID: 0}
  m_SortingLayerID: 0
  m_SortingLayer: 0
  m_SortingOrder: 0
  m_Sprite: {fileID: 21300000, guid: cf637be0ba658ef4480948c7359f7241, type: 3}
  m_Color: {r: 1, g: 1, b: 1, a: 1}
  m_FlipX: 0
  m_FlipY: 0
  m_DrawMode: 0
  m_Size: {x: 3.15, y: 2.97}
  m_AdaptiveModeThreshold: 0.5
  m_SpriteTileMode: 0
  m_WasSpriteAssigned: 1
  m_MaskInteraction: 0
  m_SpriteSortPoint: 0
--- !u!60 &8476651663725634702
PolygonCollider2D:
  m_ObjectHideFlags: 0
  m_CorrespondingSourceObject: {fileID: 0}
  m_PrefabInstance: {fileID: 0}
  m_PrefabAsset: {fileID: 0}
  m_GameObject: {fileID: 5675366628999394329}
  m_Enabled: 1
  m_Density: 1
  m_Material: {fileID: 0}
  m_IsTrigger: 0
  m_UsedByEffector: 0
  m_UsedByComposite: 0
  m_Offset: {x: 0, y: 0}
  m_SpriteTilingProperty:
    border: {x: 0, y: 0, z: 0, w: 0}
    pivot: {x: 0.5, y: 0.5}
    oldSize: {x: 3.15, y: 2.97}
    newSize: {x: 3.15, y: 2.97}
    adaptiveTilingThreshold: 0.5
    drawMode: 0
    adaptiveTiling: 0
  m_AutoTiling: 0
  m_Points:
    m_Paths:
    - - {x: -0.39499998, y: -1.1949999}
      - {x: -0.355, y: -1.185}
      - {x: -0.255, y: -1.165}
      - {x: -0.21499999, y: -1.155}
      - {x: -0.114999995, y: -1.135}
      - {x: -0.074999996, y: -1.125}
      - {x: 0.024999999, y: -1.105}
      - {x: 0.48499998, y: -1.005}
      - {x: 1.045, y: -0.885}
      - {x: 1.245, y: -0.84499997}
      - {x: 1.385, y: -0.815}
      - {x: 1.555, y: -0.775}
      - {x: 1.5749999, y: -0.755}
      - {x: 1.5749999, y: -0.705}
      - {x: 1.555, y: -0.615}
      - {x: 1.515, y: -0.42499998}
      - {x: 1.4449999, y: -0.255}
      - {x: 1.155, y: 0.325}
      - {x: 1.095, y: 0.405}
      - {x: 1.035, y: 0.475}
      - {x: 0.825, y: 0.73499995}
      - {x: 0.685, y: 0.885}
      - {x: 0.39499998, y: 1.135}
      - {x: 0.105, y: 1.3249999}
      - {x: 0.044999998, y: 1.365}
      - {x: -0.024999999, y: 1.405}
      - {x: -0.145, y: 1.4649999}
      - {x: -0.195, y: 1.485}
      - {x: -0.265, y: 1.485}
      - {x: -0.285, y: 1.4649999}
      - {x: -0.33499998, y: 1.355}
      - {x: -0.42499998, y: 1.155}
      - {x: -0.465, y: 1.0649999}
      - {x: -0.515, y: 0.955}
      - {x: -0.555, y: 0.865}
      - {x: -0.60499996, y: 0.755}
      - {x: -0.965, y: -0.055}
      - {x: -1.1949999, y: -0.575}
      - {x: -1.285, y: -0.775}
      - {x: -1.525, y: -1.3149999}
      - {x: -1.545, y: -1.395}
      - {x: -1.535, y: -1.415}
      - {x: -1.405, y: -1.415}
      - {x: -1.015, y: -1.3249999}
      - {x: -0.85499996, y: -1.295}
      - {x: -0.765, y: -1.275}
--- !u!114 &114209214041508300
MonoBehaviour:
  m_ObjectHideFlags: 0
  m_CorrespondingSourceObject: {fileID: 0}
  m_PrefabInstance: {fileID: 0}
  m_PrefabAsset: {fileID: 0}
  m_GameObject: {fileID: 5675366628999394329}
  m_Enabled: 1
  m_EditorHideFlags: 0
  m_Script: {fileID: 11500000, guid: b1a768992ff55114cb563ab294d0ce7c, type: 3}
  m_Name: 
  m_EditorClassIdentifier: 
--- !u!50 &50004149650122916
Rigidbody2D:
  serializedVersion: 4
  m_ObjectHideFlags: 0
  m_CorrespondingSourceObject: {fileID: 0}
  m_PrefabInstance: {fileID: 0}
  m_PrefabAsset: {fileID: 0}
  m_GameObject: {fileID: 5675366628999394329}
  m_BodyType: 0
  m_Simulated: 1
  m_UseFullKinematicContacts: 0
  m_UseAutoMass: 0
  m_Mass: 1
  m_LinearDrag: 0
  m_AngularDrag: 0.05
  m_GravityScale: 0
  m_Material: {fileID: 0}
  m_Interpolate: 0
  m_SleepingMode: 1
  m_CollisionDetection: 0
  m_Constraints: 0
